% ------------------------------------------------------------------------
% SAMPLE BIBLIOGRAPHY FILE
% ------------------------------------------------------------------------
@misc{cve-2008-1368,
	key =          {CVE-2008-1368},
	title =        {Publication quality tables in \LaTeX*},
	howpublished = {},
	institution  = {NIST},
	day =       17,
	month =     {March},
	year =         2008,
	note =         {[online] \url{http://nvd.nist.gov/nvd.cfm?cvename=CVE-2008-1368}},
	url = {http://nvd.nist.gov/nvd.cfm?cvename=CVE-2008-1368}
}

@MISC{prime-number-theorem,
	author = "Charles Louis Xavier Joseph de la Vall{\'e}e Poussin",
	note = "A strong form of the prime number theorem, 19th century" }



% ------------------------------------------------------------------------
@article{Ancey1996,
	author = {Ancey, Christophe and Coussot, Philippe and Evesque, Pierre},
	journal = {nformation Quality, Advances in Management Information Systems. M.E. Sharpe},
	number = {4},
	pages = {385--403},
	title = {Examination of the possibility of a fluid-mechanics treatment of dense granular flows},
	url = {http://doi.wiley.com/10.1002/(SICI)1099-1484(199610)1:4<385::AID-CFM20>3.0.CO;2-0},
	year = {2005}
}

@ARTICLE {Wang,
	author = "Wang and Strong, D. M.",
	title  = "Beyond Accuracy: What Data Quality Means to Data Consumers",
	journal = "Journal of Management Information Systems", 
	year   = "1996",
	pages  = "12"
}

@ARTICLE {pernicib.scannapiecom.2003,
	author  = "Pernici and Scannapieco, M.",
	title   = "Data Quality in Web Information Systems.",
	journal = "Journal of Data Semantics",
	year    = "2003"
}

@article{Falorsi,
	author = {Falorsi and Scannapieco},
	journal = {Principi Guida per la Qualit√† dei Dati Toponomastici nella Pubblica Amministrazione},    
	year={2006},
	volume={12}, 
	url={http://www.istat.it/dati/pubbsci/contributi/Contranno2005.htm}, 
	institution={ISTAT}
}

@INBOOK{Jugulum14,
	author={R. Jugulum},
	title={Computing with High Quality Data},
	publisher={John Wiley and Sons, Inc.},
	pages={1},
	address={New Jersey},
	year={2014},
}

@BOOK{Deming,
	author={W. E. Deming},
	title={Sample Design in Business Research},
	publisher={ohn Wiley and Sons, Inc.},
	address={New York},
	year={1960}
}

@BOOK{Dou72,
	author={R. G. Douglas},
	title={Banach {Algebra} {Techniques} in {Operator} {Theory}},
	publisher={Academic Press},
	address={New York},
	year={1972},
}

@BOOK{Hal82,
	author={P. R. Halmos},
	title={A {Hilbert} {Space} {Problem} {Book}},
	edition={Second},
	publisher={Springer-Verlag},
	address={New York},
	year={1982},
}

@BOOK{Rud73,
	author={W. Rudin},
	title={Functional {Analysis}},
	publisher={McGraw-Hill},
	address={New York},
	year={1973},
}

@BOOK{Con90,
	author={J. B. Conway},
	title={A {Course} in {Functional} {Analysis}},
	edition={Second},
	publisher={Springer-Verlag},
	address={New York},
	year={1990},
}

@BOOK{Con78,
	author={J. B. Conway},
	title={Functions of {One} {Complex} {Variable}},
	publisher={Springer-Verlag},
	address={New York},
	year={1978},
}

@BOOK{KR83,
	author={R. V. Kadison and J. R. Ringrose},
	title={Fundamentals of the {Theory} of {Operator} {Algebras},
		{Part} {I}},
	publisher={Academic Press},
	address={New York},
	year={1983},
}

@BOOK{KR86,
	author={R. V. Kadison and J. R. Ringrose},
	title={Fundamentals of the {Theory} of {Operator} {Algebras},
		{Part} {II}},
	publisher={Academic Press},
	address={New York},
	year={1986},
}



@BOOK{DS57,
	author={N. Dunford and J. T. Schwartz},
	title={Linear {Operators},{Part} {I}: {General} {Theory}},
	publisher={Interscience},
	address={New York},
	year={1957},
}

@BOOK{DS57,
	author={N. Dunford and J. T. Schwartz},
	title={Linear {Operators},{Part} {I}: {General} {Theory}},
	publisher={Interscience},
	address={New York},
	year={1957},
}

@BOOK{Gan59,
	author={F. R. Gantmacher},
	title={Applications of the {Theory} of {Matrices}},
	publisher={Interscience},
	address={New York},
	year={1959},
}

@BOOK{Pau86,
	author={Vern I. Paulsen},
	title={Completely bounded maps and dilations},
	series={Pitman Research Notes in Mathematics Series},
	volume={146},
	publisher={Longman Scientific \& Technical},
	address={Harlow UK},
	year={1986},
}

@BOOK{CBMS,
	author={C. Batini, M. Scannapieca},
	title={Data Quality Concepts, Methodologies and Techniques},
	publisher={Springer-Verlag},
	address={Berlin Heidelberg},
	year={2006},
}


@BOOK{Spi65,
	author={Michael Spivak},
	title={Calculus on {Manifolds}},
	publisher={The Benjamin/Cummings Publishing Company},
	address={New York},
	year={1965},
}

@BOOK{Dev68,
	author={Allen Devinaz},
	title={Advanced {Calculus}},
	publisher={Holt, Rinehart and Winston},
	address={New York},
	year={1968},
}

@BOOK{Gam90,
	editor={R. V. Gamkerlidze},
	title={Analysis {I}{I}: {Convex} {Analysis} and
		{Approximation} {Theory}},  
	series={Encyclopaedia of Mathematical Sciences},
	volume={14},
	publisher={Springer-Verlag},
	address={New York},
	year={1990},
}

@BOOK{Hen93,
	author={Peter Henderson},
	title={Object-oriented specification and design with {C}$++$},
	publisher={McGraw-Hill},
	address={London},
	year={1993},
}

% ------------------------------------------------------------------------

@ARTICLE{Rea85,
	author={C. J. Read},
	title={A solution to the invariant subspace problem on the space $l_1$},
	journal={Bull. London Math. Soc.},
	volume={17},
	year={1985},
	pages={305-317},
}

@ARTICLE{Enf87,
	author={P. Enflo},
	title={On the invariant subspaces problem for {Banach} spaces},
	journal={Acta. Math.},
	note={Seminare Maurey-Schwartz (1975-1976)},
	volume={158},
	year={1987},
	pages={213-313},
}

@ARTICLE{Dau75,
	author={J. Daughtry},
	title={An invariant subspace theorem},
	journal={Proc. Amer. Math. Soc.},
	volume={49},
	year={1975},
	pages={267-268},
}

@ARTICLE{KPS75,
	author={H. W. Kim and C. Pearcy and A. L. Shields},
	title={Rank-One Commutators and Hyperinvariant Subspaces},
	journal={Michigan Math. J.},
	volume={22},
	number={3},
	year={1975},
	pages={193-194},
}

% --------------------------------------------------------------------------

@ARTICLE{Rad87,
	author={H. Radjavi},
	title={The {Engel}-{Jacobson} {Theorem} {Revisited}},
	journal={J. Alg.},
	volume={111},
	year={1987},
	pages={427-430},
}

@ARTICLE{MOR91,
	author={B. Mathes and M. Omladi\v{c} and H. Radjavi},
	title={Linear {Spaces} of {Nilpotent} {Operators}},
	journal={Linear Algebra Appl.},
	volume={149},
	year={1991},
	pages={215-225},
}

@ARTICLE{Lom73,
	author={V. I. Lomonosov},
	title={Invariant subspaces for operators commuting with compact
	operators},
	journal={Functional Anal. Appl.},
	volume=7,
	year=1973,
	pages="213-214",
}

@ARTICLE{Lom91,
	author={V. I. Lomonosov},
	title={An extension of {Burnside}'s theorem to infinite
	dimensional spaces},
	journal={Israel J. Math},
	volume=75,
	year=1991,
	pages="329-339",
}

@ARTICLE{Lom92,
	author={V. I. Lomonosov},
	title={On {Real} {Invariant} {Subspaces} of {Bounded} {Operators} with
		{Compact} {Imaginary} {Part}},
	journal={Proc. Amer. Math. Soc.},
	volume=115,
	number=3,
	month=jul,
	year=1992,
	pages="775-777",
}

@ARTICLE{dB59,
	author={L. de Branges},
	title={The {Stone}-{Weierstrass} {Theorem}},
	journal={Proc. Amer. Math. Soc.},
	volume=10,
	year=1959,
	pages="822-824",
}

@ARTICLE{dB93,
	author={L. de Branges},
	title={A construction of invariant subspaces},
	journal={Math. Nachr.},
	volume=163,
	year=1993,
	pages="163-175",
}

@ARTICLE{AAB95,
	author={Y. A. Abramovich and C. D. Aliprantis and O. Burkinshaw},
	title={Another Characterization of the Invariant Subspace Problem},
	journal={Operator Theory in Function Spaces and Banach Lattices.
		{\em The A.C.\,Zaanen Anniversary Volume},
	Operator Theory: Advances and Applications},
	volume={75},
	year={1995},
	pages={15-31},
	note={Birkh\"auser Verlag},
}

@ARTICLE{LM65,
	author={Ju. I. Ljubi\v{c} and V. I. Macaev},
	title={On Operators with a Separable Spectrum},
	journal={Amer. Math. Soc. Transl. (2)},
	volume={47},
	year={1965},
	pages={89-129},
}

% ------------------------------------------------------------------------

@MASTERSTHESIS{Sim90,
	author={A. Simoni\v{c}},
	title={Grupe Operatorjev s Pozitivnim Spektrom},
	school={Univerza v Ljubljani, FNT, Oddelek za Matematiko},
	year={1990},
}

@UNPUBLISHED{Sim91,
	author={A. Simoni\v{c}},
	title={Notes on {Subharmonic} {Functions}},
	note={Lecture Notes, Dalhousie University,
		Department of Mathematics, Statistics, \& Computing Science},
	year={1991},
}

@ARTICLE{Sim92,
	author={A. Simoni\v{c}},
	title={Matrix {Groups} with {Positive} {Spectra}},
	journal={Linear Algebra Appl.},
	volume={173},
	year={1992},
	pages={57-76},
}

@PHDTHESIS{Sim94,
	author={A. Simoni\v{c}},
	title={An {Extension} of {Lomonosov's} {Techniques} to {Non}-{Compact}
		{Operators}},
	school={Dalhousie University,
		Department of Mathematics, Statistics, \& Computing Science},
	year={1994},
}

@ARTICLE{Sim96a,
	author={A. Simoni\v{c}},
	title={A {Construction} of {Lomonosov} {Functions} and
		{Applications} to the {Invariant} {Subspace} {Problem}},
	journal={Pacific J. Math.},
	volume={175},
	pages={257-270},
	year={1996},
}

@ARTICLE{Sim96b,
	author={A. Simoni\v{c}},
	title={An extension of {Lomonosov's} {Techniques} to non-compact
		{Operators}},
	journal={Trans. Amer. Math. Soc.},
	volume={348},
	pages={975-995},
	year={1996},
}

% ------------------------------------------------------------------------

@CONFERENCE {wiszniewskib.krawczykh.2003,
	author    = {Wiszniewski, B. and Krawczyk, H.},
	title     = "Digital Document Life Cycle Development.",
	booktitle = "1st International Symposium on Information and Communica- tion Technologies",
	year      = "2003",
	address   = "Dublin Ireland",
}

@INPROCEEDINGS {krawczykh.wiszniewskib.2003,
	author       = {Krawczyk, H. and Wiszniewski, B.},
	title        = "Visual GQM Approach to Quality-driven Development of Electronic Documents",
	year         = "2003",
	address      = "Edinburgh UK",
	organization = "2nd International Workshop on Web Document Analysis"
}
@CONFERENCE {ostmana.1997,
	author    = "Ostman, A.",
	title     = "The Specifications and Evaluation of Spatial Data Quality",
	booktitle = "18th ICA/ACI International Conference",
	year      = "1997",
	address   = "Stockholm, Sweden"
}

@BOOK {guptilc.morrisonj.1995,
	author    = "Guptil, C. and Morrison, J.",
	title     = "Elements of Spatial Data Quality.",
	publisher = "Elsevier Science Ltd",
	year      = "1995",
	address   = "Oxford, UK"
															
}

@CONFERENCE{Juddoo,
	author = "Juddoo S.",
	title = {Overview of data quality challenges in the context of Big Data},
	organization = {International Conference on Computing Communication and Security},
	pages = {1-9},
	year = {2015},
}


@book{Firmani2015,
	author = {D. Firmani, M. Mecella, M. Scannapieco, and C. Batini},
	title = {On the Meaningfulness of ‚ÄòBig Data Quality},
	date = {date},
	maintitle = {Data Science and Engineering},
	publisher = {Springer Berlin Heidelberg},
	pages = {1‚Äì15},
	year = {2015},
}


@inproceedings{Gupta,
	author = {M. Ali-ud-din Khan, M. F. Uddin, and N. Gupta},
	title = {Seven V‚Äôs of Big Data understanding Big Data to extract value},
	organization = {American Society for Engineering Education (ASEE Zone 1),
	2014 Zone 1 Conference of the, 2014},
	pages = {1‚Äì5},
	year = {2014},
}

@article{Laboisse,
	author = {V. Goasdou√©, S. Nugier, D. Duquennoy, and B. Laboisse},
	title = {An Evaluation Framework For Data Quality Tools},
	pages = {280‚Äì294},
	year = {2007},
}

@bookinbook{Caballero,
	author = {I. Caballero, M. Serrano, and M. Piattini},
	title = {A Data Quality in Use Model for Big Data},
	booktitle = {Advances in Conceptual Modeling},
	bookauthor = {M. Indulska and S. Purao, Eds.},
	publisher = {Springer International Publishing},
	pages = {65‚Äì74},
	year = {2014},
}

@article{Zhu,
	author = {L. Cai and Y. Zhu},
	title = {The Challenges of Data Quality and Data Quality Assessment in the Big Data Era},
	journaltitle = {Data Sci. J.},
	date = {May 2015},
	volume = {14},
	pages = {2},
}

@inproceedings{Asilomar,
	author = {V. Gadepally, T. Herr, L. Johnson, L. Milechin, M.
	Milosavljevic, and B. A. Miller},
	editor = {editor},
	title = {Sampling operations on big
	data},
	organization = {49th Asilomar Conference on Signals, Systems
	and Computers},
	pages = {1515‚Äì1519},
	year = {2015},
}


@inproceedings{SIGKDD,
	author = {G. Cormode and N. Duffield},
	title = {Sampling for Big Data: A
	Tutorial},
	organization = {20th ACM SIGKDD
		International Conference on Knowledge Discovery and Data
	Mining},
	pages = {1975‚Äì1975},
	address = {New York, NY, USA},
	year = {2014},
}

@book{Liang2016,
	author = {F. Liang, J. Kim, and Q. Song},
	title = {A Bootstrap Metropolis-
	Hastings Algorithm for Bayesian Analysis of Big Data},
	publisher = {Technometrics},
	year = {2016},
}

@inproceedings{Satyanarayana2014,
	author = {A. Satyanarayana},
	title = {Intelligent sampling for big data using
	bootstrap sampling and chebyshev inequality},
	organization = {27th Canadian Conference on Electrical and Computer
	Engineering (CCECE)},
	pages = {1-6},
	year = {2014},
}

@online{ArXiv12066415,
	author = {A. Kleiner, A. Talwalkar, P. Sarkar, and M. Jordan},
	title = {The big data bootstrap},
	url = {ArXiv12066415},
	organization = { ArXiv Prepr bibliography},
	urldate = {2012},
}

@book{Osborne2013,
	author = {J. W. Osborne},
	title = {Best practices in data cleaning: a complete guide to
	everything you need to do before and after collecting your data},
	year= {2013},
	publisher = {Thousand Oaks},
	location = {CA: SAGE},
}

@book{Maydanchik2007,
	author = {A. Maydanchik},
	title = {Data quality assessment},
	year = {2007},
	publisher = {Bradley Beach, Technics Publications},
	address = {New Jersey, USA}
}

@misc{RedmanHBR2018,
	author = {Thomas C. Redman},
	title = {If Your Data Is Bad, Your Machine Learning Tools Are Useless},
	howpublished = {\url{https://hbr.org/2018/04/if-your-data-is-bad-your-machine-learning-tools-are-useless}},
	year = {2018},
	note = {Accessed: 2019-07-19}
}

@misc{ibmInfoGraphic,
	author = {IBM Analytics Technology Platform},
	title = {Extracting business value from the 4 V's of big data.},
	howpublished = {\url{https://www.ibmbigdatahub.com/infographic/four-vs-big-data}},
	year = {2018},
	note = {Accessed: 2019-07-19}
}

@article{Philip2014,
	author = {CL Philip Chen and Chun-Yang Zhang},
	title = {Data-intensive applications, challenges,
techniques and technologies: A survey on big data},
	publisher = {IEEE Data Eng. Bull},
	date = {2014},
	pages = {314‚Äì347},
}

@book{Ware2012,
	author = {Colin Ware},
	title = {Information visualization: perception for design},
	year = {2012},
	publisher = {Elsevier},
}

@book{Fayyad2002,
	author = {Usama M Fayyad, Andreas Wierse, and Georges G Grinstein},
	title = {Information visualization in data mining and knowledge discovery},
	year = {2002},
	publisher = {Morgan Kaufmann},
}

@inproceedings{Halevy2006,
	author = {Alon Halevy, Anand Rajaraman, and Joann Ordille},
	title = {Data integration: the
	teenage years},
	organization = {In Proceedings of the 32nd international conference on Very
	large data bases},
	pages = {9‚Äì16},
	address = {Endowment},
	year = {2006},
}

@article{Lenzerini2002,
	author = {Maurizio Lenzerini},
	title = {Data integration: A theoretical perspective. In Proceedings
		of the twenty-first ACM SIGMOD-SIGACT-SIGART symposium on Principles of
	database systems},
	publisher = {ACM},
	date = {2002},
	volume = {23(4)},
	pages = {233‚Äì246},
}

@article{Erhard2000,
	author = {Erhard Rahm and Hong Hai Do},
	title = {Data cleaning: Problems and current approaches},
	publisher = {IEEE Data Eng. Bull},
	date = {2000},
	volume = {23(4)},
	pages = {3‚Äì13},
}

@book{Kimball2008,
	author = {Ralph Kimball, Laura Reeves, Margy Ross, and Warren Thornthwaite},
	title = {The Data Warehouse Lifecycle Toolkit},
	year = {2008},
	publisher = {Wiley}
}

@book{Sandra2015,
	author = {Sandra de F. Mendes Sampaio, Chao Dong, and Pedro R. Falcone Sampaio},
	title = {DQ2S - A framework for data quality-aware information management},
	year = {2015},
	pages= {8304‚Äì8326}
}

@misc{Microsoft2016,
	author ={Microsoft}
	title = {Data Identification},
	howpublished = {\url{https://msdn.microsoft.com/en-us/library/aa291809(v=vs.71).aspx}},
	year = {2016},
	note = {Accessed: 2019-07-19}	
}


@misc{Dataone2016,
	title = {Data Observation Network for Earth. dentify and use relevant meta-
	data standards.},
	howpublished = {\url{https://www.dataone.org/best-practices/identify-and-use-relevant-metadata-standards}},
	year = {2016},
	note = {Accessed: 2019-07-19}	
}

@inproceedings{ComputingResearchAssociation,
	author = {Divyakant Agrawal, Philip Bernstein, Elisa Bertino, Susan Davidson, Umesh-
		war Dayal, Michael Franklin, Johannes Gehrke, Laura Hass, Jiawei Han, H.V.
		Jagadish, Alexandros Labrindis, Sam Madden, Yannis Papakonstantino, Jinesh
		Patel M., Raghu Ramakrishnan, Kenneth Ross, Cyrus Shahabi, Dan Suciu, Shiv
	Vaithyanathan, and Jennifer Widom},
	title = {Challenges and Opportunities with Big
	Data},
	organization = {A white paper prepared for the Computing Community Consortium com-
	mittee of the Computing Research Association}
}

@article{JagadishGehrkeLabrindisPapakonstantinou,
	author = {H.V. Jagadish, Johannes Gehrke, Alexandros Labrindis, Yannis Papakonstantinou, Jignesh M. Patel, Raghu Ramakrishnan, and Cyrus Shahabi},
	title = {Big Data and Its Technical Challenges},
	publisher={Communications of the ACM},
	date = {2014},
	pages = {57(7):86‚Äì94},
}

@book{DAMA2013,
	author = {Nicola Askham, Denise Cook, Martin Doyle, Helen Fereday, Mike Gibson, Ul-
	rich Landbeck, Rob Lee, Chris Maynard, Gary Palmer, and Julian Schwarzenbach},
	title = {The six primary dimensions for data},
	year = {2013},
	publisher = {Data Management Association (DAMA)},
	address = {United Kingdom}
}

@misc{MargaretRouse,
	author = {Margaret Rouse},
	title = {What is data quality?},
	howpublished = {\url{http://searchdatamanagement.techtarget.com/definition/data-quality}},
	year = {2005},
	note = {Accessed: 2019-07-19}
}

@misc{NormanPaton,
	author = {Norman Paton},
	title = {Data Wrangling},
	howpublished = {\url{http://www.cs.manchester.ac.uk/study/postgraduate-research/programmes/phd/programme-details/projects/description/?projectid=6981}},
	year = {2016},
	note = {Accessed: 2019-07-19}
}

@article{Heinrich:2018:RDQ:3155015.3148238,
	author = {Heinrich, Bernd and Hristova, Diana and Klier, Mathias and Schiller, Alexander and Szubartowicz, Michael},
	title = {Requirements for Data Quality Metrics},
	journal = {J. Data and Information Quality},
	issue_date = {January 2018},
	volume = {9},
	number = {2},
	month = jan,
	year = {2018},
	issn = {1936-1955},
	pages = {12:1--12:32},
	articleno = {12},
	numpages = {32},
	url = {http://doi.acm.org/10.1145/3148238},
	doi = {10.1145/3148238},
	acmid = {3148238},
	publisher = {ACM},
	address = {New York, NY, USA},
	keywords = {Data quality, data quality assessment, data quality metrics, requirements for metrics},
}